@inproceedings{hollinger2007probabilistic,
  title={Probabilistic strategies for pursuit in cluttered environments with multiple robots},
  author={Hollinger, Geoffrey and Kehagias, Athanasios and Singh, Sanjiv},
  booktitle={IEEE International Conference on Robotics and Automation},
  pages={3870--3876},
  year={2007},
  organization={IEEE}
}

@article{hollinger2009efficient,
  title={Efficient multi-robot search for a moving target},
  author={Hollinger, Geoffrey and Singh, Sanjiv and Djugash, Joseph and Kehagias, Athanasios},
  journal={The International Journal of Robotics Research},
  volume={28},
  number={2},
  pages={201--219},
  year={2009},
  publisher={Sage Publications Sage UK: London, England}
}

@inproceedings{arai2000experience,
  title={Experience-based reinforcement learning to acquire effective behavior in a multi-agent domain},
  author={Arai, Sachiyo and Sycara, Katia and Payne, Terry R},
  booktitle={Pacific Rim International Conference on Artificial Intelligence},
  pages={125--135},
  year={2000},
  organization={Springer}
}

@inproceedings{arai2001credit,
  title={Credit assignment method for learning effective stochastic policies in uncertain domains},
  author={Arai, Sachiyo and Sycara, Katia},
  booktitle={Proceedings of the 3rd Annual Conference on Genetic and Evolutionary Computation},
  pages={815--822},
  year={2001},
  organization={Morgan Kaufmann Publishers Inc.}
}

@article{guibas1999visibility,
  title={A visibility-based pursuit-evasion problem},
  author={Guibas, Leonidas J and Latombe, Jean-Claude and LaValle, Steven M and Lin, David and Motwani, Rajeev},
  journal={International Journal of Computational Geometry \& Applications},
  volume={9},
  number={04},
  pages={471--493},
  year={1999},
  publisher={World Scientific}
}

@inproceedings{isler2005roadmap,
  title={Roadmap Based Pursuit-Evasion and Collision Avoidance.},
  author={Isler, Volkan and Sun, Dengfeng and Sastry, Shankar},
  booktitle={Robotics: Science and Systems},
  volume={1},
  pages={257--264},
  year={2005}
}

@inproceedings{gopalan2017planning,
  title={Planning with abstract Markov decision processes},
  author={Gopalan, Nakul and desJardins, Marie and Littman, Michael L and MacGlashan, James and Squire, Shawn and Tellex, Stefanie and Winder, John and Wong, Lawson LS},
  booktitle={International Conference on Automated Planning and Scheduling},
  year={2017}
}

@article{ong2010planning,
  title={Planning under uncertainty for robotic tasks with mixed observability},
  author={Ong, Sylvie CW and Png, Shao Wei and Hsu, David and Lee, Wee Sun},
  journal={The International Journal of Robotics Research},
  volume={29},
  number={8},
  pages={1053--1068},
  year={2010},
  publisher={SAGE Publications Sage UK: London, England}
}

@book{bellman2013dynamic,
  title={Dynamic programming},
  author={Bellman, Richard},
  year={2013},
  publisher={Courier Corporation}
}

@article{hauskrecht2000value,
  title={Value-function approximations for partially observable Markov decision processes},
  author={Hauskrecht, Milos},
  journal={Journal of Artificial Intelligence Research},
  volume={13},
  pages={33--94},
  year={2000}
}

@article{pynadath2002communicative,
  title={The communicative multiagent team decision problem: Analyzing teamwork theories and models},
  author={Pynadath, David V and Tambe, Milind},
  journal={Journal of Artificial Intelligence Research},
  volume={16},
  pages={389--423},
  year={2002}
}

@article{papadimitriou1987complexity,
  title={The complexity of Markov decision processes},
  author={Papadimitriou, Christos H and Tsitsiklis, John N},
  journal={Mathematics of Operations Research},
  volume={12},
  number={3},
  pages={441--450},
  year={1987},
  publisher={INFORMS}
}

@article{eddy1977new,
  title={A new convex hull algorithm for planar sets},
  author={Eddy, William F},
  journal={ACM Transactions on Mathematical Software (TOMS)},
  volume={3},
  number={4},
  pages={398--403},
  year={1977},
  publisher={ACM}
}

@article{olfati2007consensus,
  title={Consensus and cooperation in networked multi-agent systems},
  author={Olfati-Saber, Reza and Fax, J Alex and Murray, Richard M},
  journal={Proceedings of the IEEE},
  volume={95},
  number={1},
  pages={215--233},
  year={2007},
  publisher={IEEE}
}

@article{fiedler1973algebraic,
  title={Algebraic connectivity of graphs},
  author={Fiedler, Miroslav},
  journal={Czechoslovak mathematical journal},
  volume={23},
  number={2},
  pages={298--305},
  year={1973},
  publisher={Institute of Mathematics, Academy of Sciences of the Czech Republic}
}

@article{de2007old,
  title={Old and new results on algebraic connectivity of graphs},
  author={De Abreu, Nair Maria Maia},
  journal={Linear algebra and its applications},
  volume={423},
  number={1},
  pages={53--73},
  year={2007},
  publisher={Elsevier}
}

@article{luo2019behavior,
title={Behavior Mixing with Minimum Connectivity Maintenance for Large-Scale Multi-Robot Systems},
author={Luo, Wenhao and Yi, Sha and Sycara, Katia},
journal={Paper submitted}
}

@article{borrmann2015control,
  title={Control barrier certificates for safe swarm behavior},
  author={Borrmann, Urs and Wang, Li and Ames, Aaron D and Egerstedt, Magnus},
  journal={IFAC-PapersOnLine},
  volume={48},
  number={27},
  pages={68--73},
  year={2015},
  publisher={Elsevier}
}

@inproceedings{kantor2003distributed,
  title={Distributed search and rescue with robot and sensor teams},
  author={Kantor, George and Singh, Sanjiv and Peterson, Ronald and Rus, Daniela and Das, Aveek and Kumar, Vijay and Pereira, Guilherme and Spletzer, John},
  booktitle={Field and Service Robotics},
  pages={529--538},
  year={2003},
  organization={Springer}
}

@inproceedings{luo2018adaptive,
  title={Adaptive Sampling and Online Learning in Multi-Robot Sensor Coverage with Mixture of Gaussian Processes},
  author={Luo, Wenhao and Sycara, Katia},
  booktitle={2018 IEEE International Conference on Robotics and Automation (ICRA)},
  pages={6359--6364},
  year={2018},
  organization={IEEE}
}

@article{burgard2005coordinated,
  title={Coordinated multi-robot exploration},
  author={Burgard, Wolfram and Moors, Mark and Stachniss, Cyrill and Schneider, Frank E},
  journal={IEEE Transactions on robotics},
  volume={21},
  number={3},
  pages={376--386},
  year={2005},
  publisher={IEEE}
}

@article{moreau2005stability,
  title={Stability of multiagent systems with time-dependent communication links},
  author={Moreau, Luc},
  journal={IEEE Transactions on automatic control},
  volume={50},
  number={2},
  pages={169--182},
  year={2005},
  publisher={IEEE}
}

@article{hsieh2008maintaining,
  title={Maintaining network connectivity and performance in robot teams},
  author={Hsieh, M Ani and Cowley, Anthony and Kumar, Vijay and Taylor, Camillo J},
  journal={Journal of field robotics},
  volume={25},
  number={1-2},
  pages={111--131},
  year={2008},
  publisher={Wiley Online Library}
}

@inproceedings{mi2011hero,
  title={HERO: A hybrid connectivity restoration framework for mobile multi-agent networks},
  author={Mi, Zhenqiang and Yang, Yang and Liu, Guangjun},
  booktitle={2011 IEEE International Conference on Robotics and Automation},
  pages={1702--1707},
  year={2011},
  organization={IEEE}
}

@article{zavlanos2008distributed,
  title={Distributed connectivity control of mobile networks},
  author={Zavlanos, Michael M and Pappas, George J},
  journal={IEEE Transactions on Robotics},
  volume={24},
  number={6},
  pages={1416--1428},
  year={2008},
  publisher={IEEE}
}

@inproceedings{hollinger2010multi,
  title={Multi-robot coordination with periodic connectivity},
  author={Hollinger, Geoffrey and Singh, Sanjiv},
  booktitle={2010 IEEE International Conference on Robotics and Automation},
  pages={4457--4462},
  year={2010},
  organization={IEEE}
}

@article{sabattini2013distributed,
  title={Distributed control of multirobot systems with global connectivity maintenance},
  author={Sabattini, Lorenzo and Secchi, Cristian and Chopra, Nikhil and Gasparri, Andrea},
  journal={IEEE Transactions on Robotics},
  volume={29},
  number={5},
  pages={1326--1332},
  year={2013},
  publisher={IEEE}
}

@inproceedings{nagavalli2017automated,
  title={Automated sequencing of swarm behaviors for supervisory control of robotic swarms},
  author={Nagavalli, Sasanka and Chakraborty, Nilanjan and Sycara, Katia},
  booktitle={Robotics and Automation (ICRA), 2017 IEEE International Conference on},
  pages={2674--2681},
  year={2017},
  organization={IEEE}
}

@inproceedings{michael2009maintaining,
  title={Maintaining connectivity in mobile robot networks},
  author={Michael, Nathan and Zavlanos, Michael M and Kumar, Vijay and Pappas, George J},
  booktitle={Experimental Robotics},
  pages={117--126},
  year={2009},
  organization={Springer}
}
@article{olfati2006flocking,
  title={Flocking for multi-agent dynamic systems: Algorithms and theory},
  author={Olfati-Saber, Reza},
  journal={IEEE Transactions on automatic control},
  volume={51},
  number={3},
  pages={401--420},
  year={2006},
  publisher={IEEE}
}

@article{antonelli2010flocking,
  title={Flocking for multi-robot systems via the null-space-based behavioral control},
  author={Antonelli, Gianluca and Arrichiello, Filippo and Chiaverini, Stefano},
  journal={Swarm Intelligence},
  volume={4},
  number={1},
  pages={37},
  year={2010},
  publisher={Springer}
}
@inproceedings{zavlanos2007flocking,
  title={Flocking while preserving network connectivity},
  author={Zavlanos, Michael M and Jadbabaie, Ali and Pappas, George J},
  booktitle={Decision and Control, 2007 46th IEEE Conference on},
  pages={2919--2924},
  year={2007},
  organization={IEEE}
}